% 引用数据库
% 类型参考 https://ctan.math.illinois.edu/macros/latex/contrib/biblatex-contrib/biblatex-gb7714-2015/biblatex-gb7714-2015.pdf

% 专著 [M]
@book{fsyang-skgao-1998,
  author         = {杨福生 and 高上凯},
  address        = {北京},
  publisher      = {高等教育出版社},
  title          = {生物医学信息处理},
  year           = {1988}
}

% 学位论文 [D]
@thesis{cbchen2008,
  author          = {陈川波},
  title           = {基于半结构化文本信息抽取的简历识别系统},
  institution     = {北京邮电大学},
  year            = {2008},
}

% 期刊文章 [J]
@article{dzzhang-ppzhang-2006,
  author          = {张德政 and 张萍萍},
  journal         = {微计算机信息},
  volume          = {22},
  number          = {3},
  title           = {非结构化信息管理},
  year            = {2006},
  pages           = {218-239}
}

% 报纸文章 [N]
@article{xdxie-1998,
  entrysubtype    = {news},
  author          = {谢希德},
  journal         = {人民日报},
  number          = {10},
  title           = {创造学习的新思路},
  date            = {1998-12-25}
}

% 电子资源 [EB]
@online{ll-soidc,
    author = {龙狼},
    title = {Oracle数据库9i DataGuard的安装与维护},
    url = {http://www.soidc.net/articles/1213781343264/20080610/1215945423692_1.html},
}